001  0000112
005  20180822154609.991
008  170622s||||     bl|||||||||||||||||por|u
020    $a9788579512230
040    $aPorto Alegre$bpor
080    $21997$a37.035.1
090    $a37.035.1$bC153e$c1 ed.
100 1  $aCalissi, Luciana
245 10 $aEducação em direitos humanos$blivro 4: manual do professor$cLuciana Calissi
260    $aJoão Pessoa, PB$bEditora Grafset$c2013
300    $a63 p.
490 0  $aColeção Crescer Cidadão$v4
650    $aDireitos humanos
650    $aInclusão
650    $aCidadania
650    $aProfessor
650    $aEducação
